<?xml version="1.0" encoding="UTF-8"?><collection xmlns="http://www.loc.gov/MARC21/slim"><record><leader>00502nam--2200181-i-4500</leader><controlfield tag="001">000020085</controlfield><controlfield tag="002">20161230</controlfield><controlfield tag="005">20161230201033</controlfield><controlfield tag="008">060222s1000------------r-----000-0-eng-d</controlfield><datafield ind1=" " ind2=" " tag="040"><subfield code="a">IFIN-HH</subfield></datafield><datafield ind1=" " ind2=" " tag="080"><subfield code="a">530.1:514.7</subfield></datafield><datafield ind1="1" ind2=" " tag="100"><subfield code="a">Guillemin, Victor</subfield></datafield><datafield ind1="1" ind2="0" tag="245"><subfield code="a">Symplectic techniques in physics</subfield><subfield code="c">Victor guillemin, shlomo sternberg</subfield></datafield><datafield ind1=" " ind2=" " tag="260"><subfield code="a">Cambridge</subfield><subfield code="b">Cambridge University Press</subfield><subfield code="c">1984</subfield></datafield><datafield ind1=" " ind2=" " tag="300"><subfield code="a">XI+468P</subfield></datafield><datafield ind1="1" ind2=" " tag="700"><subfield code="a">Sterngerg, Shlomo</subfield></datafield><datafield ind1=" " ind2=" " tag="852"><subfield code="a">72825</subfield><subfield code="c">53</subfield></datafield><datafield ind1=" " ind2=" " tag="CAT"><subfield code="a">Sys</subfield><subfield code="c">20150807</subfield><subfield code="h">111938</subfield></datafield></record></collection>